%YAML 1.1
%TAG !u! tag:unity3d.com,2011:
--- !u!1 &1761006363949048466
GameObject:
  m_ObjectHideFlags: 0
  m_CorrespondingSourceObject: {fileID: 0}
  m_PrefabInstance: {fileID: 0}
  m_PrefabAsset: {fileID: 0}
  serializedVersion: 6
  m_Component:
  - component: {fileID: 8333452473290988718}
  - component: {fileID: 3294757275090556254}
  m_Layer: 0
  m_Name: Apple_Paint
  m_TagString: Untagged
  m_Icon: {fileID: 0}
  m_NavMeshLayer: 0
  m_StaticEditorFlags: 0
  m_IsActive: 0
--- !u!4 &8333452473290988718
Transform:
  m_ObjectHideFlags: 0
  m_CorrespondingSourceObject: {fileID: 0}
  m_PrefabInstance: {fileID: 0}
  m_PrefabAsset: {fileID: 0}
  m_GameObject: {fileID: 1761006363949048466}
  m_LocalRotation: {x: 0, y: 0, z: 0, w: 1}
  m_LocalPosition: {x: 0, y: -0.128, z: 0}
  m_LocalScale: {x: 1, y: 1, z: 1}
  m_ConstrainProportionsScale: 0
  m_Children: []
  m_Father: {fileID: 7377420160265232478}
  m_RootOrder: 0
  m_LocalEulerAnglesHint: {x: 0, y: 0, z: 0}
--- !u!212 &3294757275090556254
SpriteRenderer:
  m_ObjectHideFlags: 0
  m_CorrespondingSourceObject: {fileID: 0}
  m_PrefabInstance: {fileID: 0}
  m_PrefabAsset: {fileID: 0}
  m_GameObject: {fileID: 1761006363949048466}
  m_Enabled: 1
  m_CastShadows: 0
  m_ReceiveShadows: 0
  m_DynamicOccludee: 1
  m_StaticShadowCaster: 0
  m_MotionVectors: 1
  m_LightProbeUsage: 1
  m_ReflectionProbeUsage: 1
  m_RayTracingMode: 0
  m_RayTraceProcedural: 0
  m_RenderingLayerMask: 1
  m_RendererPriority: 0
  m_Materials:
  - {fileID: 10754, guid: 0000000000000000f000000000000000, type: 0}
  m_StaticBatchInfo:
    firstSubMesh: 0
    subMeshCount: 0
  m_StaticBatchRoot: {fileID: 0}
  m_ProbeAnchor: {fileID: 0}
  m_LightProbeVolumeOverride: {fileID: 0}
  m_ScaleInLightmap: 1
  m_ReceiveGI: 1
  m_PreserveUVs: 0
  m_IgnoreNormalsForChartDetection: 0
  m_ImportantGI: 0
  m_StitchLightmapSeams: 1
  m_SelectedEditorRenderState: 0
  m_MinimumChartSize: 4
  m_AutoUVMaxDistance: 0.5
  m_AutoUVMaxAngle: 89
  m_LightmapParameters: {fileID: 0}
  m_SortingLayerID: 0
  m_SortingLayer: 0
  m_SortingOrder: 2
  m_Sprite: {fileID: 21300000, guid: f1a9a47b366807b47ab89c979daa1600, type: 3}
  m_Color: {r: 0.69803923, g: 1, b: 0, a: 1}
  m_FlipX: 0
  m_FlipY: 0
  m_DrawMode: 0
  m_Size: {x: 3.32, y: 3}
  m_AdaptiveModeThreshold: 0.5
  m_SpriteTileMode: 0
  m_WasSpriteAssigned: 1
  m_MaskInteraction: 0
  m_SpriteSortPoint: 0
--- !u!1 &7377420160265232473
GameObject:
  m_ObjectHideFlags: 0
  m_CorrespondingSourceObject: {fileID: 0}
  m_PrefabInstance: {fileID: 0}
  m_PrefabAsset: {fileID: 0}
  serializedVersion: 6
  m_Component:
  - component: {fileID: 7377420160265232478}
  - component: {fileID: 7377420160265232479}
  - component: {fileID: 7377420160265232466}
  - component: {fileID: 5522953384884899523}
  m_Layer: 0
  m_Name: Apple
  m_TagString: Stamp
  m_Icon: {fileID: 0}
  m_NavMeshLayer: 0
  m_StaticEditorFlags: 0
  m_IsActive: 1
--- !u!4 &7377420160265232478
Transform:
  m_ObjectHideFlags: 0
  m_CorrespondingSourceObject: {fileID: 0}
  m_PrefabInstance: {fileID: 0}
  m_PrefabAsset: {fileID: 0}
  m_GameObject: {fileID: 7377420160265232473}
  m_LocalRotation: {x: 0, y: 0, z: 0, w: 1}
  m_LocalPosition: {x: -5.090818, y: -0.49023926, z: -1}
  m_LocalScale: {x: 0.50000006, y: 0.50000006, z: 1}
  m_ConstrainProportionsScale: 0
  m_Children:
  - {fileID: 8333452473290988718}
  m_Father: {fileID: 0}
  m_RootOrder: 0
  m_LocalEulerAnglesHint: {x: 0, y: 0, z: 0}
--- !u!212 &7377420160265232479
SpriteRenderer:
  m_ObjectHideFlags: 0
  m_CorrespondingSourceObject: {fileID: 0}
  m_PrefabInstance: {fileID: 0}
  m_PrefabAsset: {fileID: 0}
  m_GameObject: {fileID: 7377420160265232473}
  m_Enabled: 1
  m_CastShadows: 0
  m_ReceiveShadows: 0
  m_DynamicOccludee: 1
  m_StaticShadowCaster: 0
  m_MotionVectors: 1
  m_LightProbeUsage: 1
  m_ReflectionProbeUsage: 1
  m_RayTracingMode: 0
  m_RayTraceProcedural: 0
  m_RenderingLayerMask: 1
  m_RendererPriority: 0
  m_Materials:
  - {fileID: 10754, guid: 0000000000000000f000000000000000, type: 0}
  m_StaticBatchInfo:
    firstSubMesh: 0
    subMeshCount: 0
  m_StaticBatchRoot: {fileID: 0}
  m_ProbeAnchor: {fileID: 0}
  m_LightProbeVolumeOverride: {fileID: 0}
  m_ScaleInLightmap: 1
  m_ReceiveGI: 1
  m_PreserveUVs: 0
  m_IgnoreNormalsForChartDetection: 0
  m_ImportantGI: 0
  m_StitchLightmapSeams: 1
  m_SelectedEditorRenderState: 0
  m_MinimumChartSize: 4
  m_AutoUVMaxDistance: 0.5
  m_AutoUVMaxAngle: 89
  m_LightmapParameters: {fileID: 0}
  m_SortingLayerID: 0
  m_SortingLayer: 0
  m_SortingOrder: 1
  m_Sprite: {fileID: 21300000, guid: f2b29ab77ce323943aab8ccc4f38e9cc, type: 3}
  m_Color: {r: 1, g: 1, b: 1, a: 1}
  m_FlipX: 0
  m_FlipY: 0
  m_DrawMode: 0
  m_Size: {x: 3.26, y: 3.29}
  m_AdaptiveModeThreshold: 0.5
  m_SpriteTileMode: 0
  m_WasSpriteAssigned: 1
  m_MaskInteraction: 0
  m_SpriteSortPoint: 0
--- !u!60 &7377420160265232466
PolygonCollider2D:
  m_ObjectHideFlags: 0
  m_CorrespondingSourceObject: {fileID: 0}
  m_PrefabInstance: {fileID: 0}
  m_PrefabAsset: {fileID: 0}
  m_GameObject: {fileID: 7377420160265232473}
  m_Enabled: 1
  m_Density: 1
  m_Material: {fileID: 0}
  m_IsTrigger: 0
  m_UsedByEffector: 0
  m_UsedByComposite: 0
  m_Offset: {x: 0, y: 0}
  m_SpriteTilingProperty:
    border: {x: 0, y: 0, z: 0, w: 0}
    pivot: {x: 0.5, y: 0.5}
    oldSize: {x: 3.26, y: 3.29}
    newSize: {x: 3.26, y: 3.29}
    adaptiveTilingThreshold: 0.5
    drawMode: 0
    adaptiveTiling: 0
  m_AutoTiling: 0
  m_Points:
    m_Paths:
    - - {x: 0.29, y: -1.495}
      - {x: 0.39, y: -1.375}
      - {x: 0.44, y: -1.405}
      - {x: 0.56, y: -1.435}
      - {x: 0.74, y: -1.435}
      - {x: 0.9, y: -1.405}
      - {x: 1.06, y: -1.295}
      - {x: 1.17, y: -1.185}
      - {x: 1.22, y: -1.125}
      - {x: 1.31, y: -1.005}
      - {x: 1.42, y: -0.765}
      - {x: 1.5, y: -0.575}
      - {x: 1.5899999, y: -0.36499998}
      - {x: 1.5899999, y: -0.235}
      - {x: 1.61, y: -0.205}
      - {x: 1.63, y: -0.044999998}
      - {x: 1.63, y: 0.285}
      - {x: 1.5699999, y: 0.575}
      - {x: 1.4499999, y: 0.825}
      - {x: 1.3, y: 1.025}
      - {x: 1.1899999, y: 1.145}
      - {x: 1.0699999, y: 1.255}
      - {x: 0.95, y: 1.3349999}
      - {x: 0.85999995, y: 1.385}
      - {x: 0.78999996, y: 1.405}
      - {x: 0.53, y: 1.435}
      - {x: 0.31, y: 1.405}
      - {x: 0.19, y: 1.375}
      - {x: 0.04, y: 1.3349999}
      - {x: -0.03, y: 1.485}
      - {x: -0.089999996, y: 1.5849999}
      - {x: -0.17, y: 1.645}
      - {x: -0.24, y: 1.645}
      - {x: -0.32, y: 1.5949999}
      - {x: -0.37, y: 1.525}
      - {x: -0.37, y: 1.485}
      - {x: -0.35, y: 1.4549999}
      - {x: -0.24, y: 1.395}
      - {x: -0.12, y: 1.245}
      - {x: -0.16, y: 1.225}
      - {x: -0.32999998, y: 1.275}
      - {x: -0.61, y: 1.285}
      - {x: -0.82, y: 1.245}
      - {x: -1, y: 1.165}
      - {x: -1.13, y: 1.0849999}
      - {x: -1.27, y: 0.965}
      - {x: -1.37, y: 0.825}
      - {x: -1.5, y: 0.585}
      - {x: -1.5899999, y: 0.375}
      - {x: -1.62, y: 0.225}
      - {x: -1.63, y: 0.035}
      - {x: -1.63, y: -0.044999998}
      - {x: -1.62, y: -0.155}
      - {x: -1.62, y: -0.265}
      - {x: -1.5899999, y: -0.415}
      - {x: -1.55, y: -0.48499998}
      - {x: -1.54, y: -0.565}
      - {x: -1.4699999, y: -0.805}
      - {x: -1.39, y: -0.945}
      - {x: -1.29, y: -1.0849999}
      - {x: -1.09, y: -1.295}
      - {x: -1.02, y: -1.355}
      - {x: -0.93, y: -1.415}
      - {x: -0.68, y: -1.555}
      - {x: -0.59, y: -1.5849999}
      - {x: -0.45999998, y: -1.625}
      - {x: -0.22, y: -1.645}
      - {x: -0.14999999, y: -1.645}
      - {x: -0.06, y: -1.635}
      - {x: 0.02, y: -1.615}
      - {x: 0.21, y: -1.555}
--- !u!114 &5522953384884899523
MonoBehaviour:
  m_ObjectHideFlags: 0
  m_CorrespondingSourceObject: {fileID: 0}
  m_PrefabInstance: {fileID: 0}
  m_PrefabAsset: {fileID: 0}
  m_GameObject: {fileID: 7377420160265232473}
  m_Enabled: 1
  m_EditorHideFlags: 0
  m_Script: {fileID: 11500000, guid: 68e323ed5d1946e469dcc06b7303cc58, type: 3}
  m_Name: 
  m_EditorClassIdentifier: 
  stationarySprite: {fileID: 21300000, guid: f2b29ab77ce323943aab8ccc4f38e9cc, type: 3}
  heldSprite: {fileID: 21300000, guid: ee9ffd9d0fbcfc247a7c6097b52ee9b6, type: 3}
  paint: {fileID: 1761006363949048466}
  stamp: {fileID: 2601482026399335607, guid: 8dbad3d64bb4fe14d88eb975dd09b21d, type: 3}
  splashParticles: {fileID: 0}
  isBeingHeld: 0
  hasPaint: 0
  stampRotationMagnitude: 25
  stampColour: {r: 0, g: 0, b: 0, a: 0}
