%YAML 1.1
%TAG !u! tag:unity3d.com,2011:
--- !u!1 &2354530181987308145
GameObject:
  m_ObjectHideFlags: 0
  m_CorrespondingSourceObject: {fileID: 0}
  m_PrefabInstance: {fileID: 0}
  m_PrefabAsset: {fileID: 0}
  serializedVersion: 6
  m_Component:
  - component: {fileID: 1522228568681978752}
  - component: {fileID: 2923909205257394455}
  m_Layer: 0
  m_Name: Cucumber_Paint
  m_TagString: Untagged
  m_Icon: {fileID: 0}
  m_NavMeshLayer: 0
  m_StaticEditorFlags: 0
  m_IsActive: 0
--- !u!4 &1522228568681978752
Transform:
  m_ObjectHideFlags: 0
  m_CorrespondingSourceObject: {fileID: 0}
  m_PrefabInstance: {fileID: 0}
  m_PrefabAsset: {fileID: 0}
  m_GameObject: {fileID: 2354530181987308145}
  m_LocalRotation: {x: 0, y: 0, z: 0, w: 1}
  m_LocalPosition: {x: 0, y: 1.613, z: 0}
  m_LocalScale: {x: 1, y: 1, z: 1}
  m_ConstrainProportionsScale: 0
  m_Children: []
  m_Father: {fileID: 3980928201198122646}
  m_RootOrder: 0
  m_LocalEulerAnglesHint: {x: 0, y: 0, z: 0}
--- !u!212 &2923909205257394455
SpriteRenderer:
  m_ObjectHideFlags: 0
  m_CorrespondingSourceObject: {fileID: 0}
  m_PrefabInstance: {fileID: 0}
  m_PrefabAsset: {fileID: 0}
  m_GameObject: {fileID: 2354530181987308145}
  m_Enabled: 1
  m_CastShadows: 0
  m_ReceiveShadows: 0
  m_DynamicOccludee: 1
  m_StaticShadowCaster: 0
  m_MotionVectors: 1
  m_LightProbeUsage: 1
  m_ReflectionProbeUsage: 1
  m_RayTracingMode: 0
  m_RayTraceProcedural: 0
  m_RenderingLayerMask: 1
  m_RendererPriority: 0
  m_Materials:
  - {fileID: 10754, guid: 0000000000000000f000000000000000, type: 0}
  m_StaticBatchInfo:
    firstSubMesh: 0
    subMeshCount: 0
  m_StaticBatchRoot: {fileID: 0}
  m_ProbeAnchor: {fileID: 0}
  m_LightProbeVolumeOverride: {fileID: 0}
  m_ScaleInLightmap: 1
  m_ReceiveGI: 1
  m_PreserveUVs: 0
  m_IgnoreNormalsForChartDetection: 0
  m_ImportantGI: 0
  m_StitchLightmapSeams: 1
  m_SelectedEditorRenderState: 0
  m_MinimumChartSize: 4
  m_AutoUVMaxDistance: 0.5
  m_AutoUVMaxAngle: 89
  m_LightmapParameters: {fileID: 0}
  m_SortingLayerID: 0
  m_SortingLayer: 0
  m_SortingOrder: 2
  m_Sprite: {fileID: 21300000, guid: e4d98fd04ac9b464a96c79f3520779f7, type: 3}
  m_Color: {r: 0.69803923, g: 1, b: 0, a: 1}
  m_FlipX: 0
  m_FlipY: 0
  m_DrawMode: 0
  m_Size: {x: 3, y: 0.94}
  m_AdaptiveModeThreshold: 0.5
  m_SpriteTileMode: 0
  m_WasSpriteAssigned: 1
  m_MaskInteraction: 0
  m_SpriteSortPoint: 0
--- !u!1 &9196738556820444342
GameObject:
  m_ObjectHideFlags: 0
  m_CorrespondingSourceObject: {fileID: 0}
  m_PrefabInstance: {fileID: 0}
  m_PrefabAsset: {fileID: 0}
  serializedVersion: 6
  m_Component:
  - component: {fileID: 3980928201198122646}
  - component: {fileID: 1760227358936022187}
  - component: {fileID: 2226002969136952850}
  - component: {fileID: 7648199912045772141}
  m_Layer: 0
  m_Name: Cucumber
  m_TagString: Stamp
  m_Icon: {fileID: 0}
  m_NavMeshLayer: 0
  m_StaticEditorFlags: 0
  m_IsActive: 1
--- !u!4 &3980928201198122646
Transform:
  m_ObjectHideFlags: 0
  m_CorrespondingSourceObject: {fileID: 0}
  m_PrefabInstance: {fileID: 0}
  m_PrefabAsset: {fileID: 0}
  m_GameObject: {fileID: 9196738556820444342}
  m_LocalRotation: {x: 0, y: 0, z: 0, w: 1}
  m_LocalPosition: {x: -5.28, y: -2.92, z: 0}
  m_LocalScale: {x: 0.5, y: 0.5, z: 1}
  m_ConstrainProportionsScale: 0
  m_Children:
  - {fileID: 1522228568681978752}
  m_Father: {fileID: 0}
  m_RootOrder: 0
  m_LocalEulerAnglesHint: {x: 0, y: 0, z: 0}
--- !u!212 &1760227358936022187
SpriteRenderer:
  m_ObjectHideFlags: 0
  m_CorrespondingSourceObject: {fileID: 0}
  m_PrefabInstance: {fileID: 0}
  m_PrefabAsset: {fileID: 0}
  m_GameObject: {fileID: 9196738556820444342}
  m_Enabled: 1
  m_CastShadows: 0
  m_ReceiveShadows: 0
  m_DynamicOccludee: 1
  m_StaticShadowCaster: 0
  m_MotionVectors: 1
  m_LightProbeUsage: 1
  m_ReflectionProbeUsage: 1
  m_RayTracingMode: 0
  m_RayTraceProcedural: 0
  m_RenderingLayerMask: 1
  m_RendererPriority: 0
  m_Materials:
  - {fileID: 10754, guid: 0000000000000000f000000000000000, type: 0}
  m_StaticBatchInfo:
    firstSubMesh: 0
    subMeshCount: 0
  m_StaticBatchRoot: {fileID: 0}
  m_ProbeAnchor: {fileID: 0}
  m_LightProbeVolumeOverride: {fileID: 0}
  m_ScaleInLightmap: 1
  m_ReceiveGI: 1
  m_PreserveUVs: 0
  m_IgnoreNormalsForChartDetection: 0
  m_ImportantGI: 0
  m_StitchLightmapSeams: 1
  m_SelectedEditorRenderState: 0
  m_MinimumChartSize: 4
  m_AutoUVMaxDistance: 0.5
  m_AutoUVMaxAngle: 89
  m_LightmapParameters: {fileID: 0}
  m_SortingLayerID: 0
  m_SortingLayer: 0
  m_SortingOrder: 1
  m_Sprite: {fileID: 21300000, guid: 80d3c926f4bb1d444a16b76205da4407, type: 3}
  m_Color: {r: 1, g: 1, b: 1, a: 1}
  m_FlipX: 0
  m_FlipY: 0
  m_DrawMode: 0
  m_Size: {x: 5.49, y: 3.2}
  m_AdaptiveModeThreshold: 0.5
  m_SpriteTileMode: 0
  m_WasSpriteAssigned: 1
  m_MaskInteraction: 0
  m_SpriteSortPoint: 0
--- !u!114 &2226002969136952850
MonoBehaviour:
  m_ObjectHideFlags: 0
  m_CorrespondingSourceObject: {fileID: 0}
  m_PrefabInstance: {fileID: 0}
  m_PrefabAsset: {fileID: 0}
  m_GameObject: {fileID: 9196738556820444342}
  m_Enabled: 1
  m_EditorHideFlags: 0
  m_Script: {fileID: 11500000, guid: 68e323ed5d1946e469dcc06b7303cc58, type: 3}
  m_Name: 
  m_EditorClassIdentifier: 
  stationarySprite: {fileID: 21300000, guid: 80d3c926f4bb1d444a16b76205da4407, type: 3}
  heldSprite: {fileID: 21300000, guid: a6093cef3f1e10f4fb4346606e7a30a2, type: 3}
  paint: {fileID: 2354530181987308145}
  stamp: {fileID: 5823013864585089882, guid: 6efe61cc9437f3742bc97f4a7d3e0ceb, type: 3}
  splashParticles: {fileID: 0}
  isBeingHeld: 0
  hasPaint: 0
  stampRotationMagnitude: 25
  stampColour: {r: 0, g: 0, b: 0, a: 0}
--- !u!60 &7648199912045772141
PolygonCollider2D:
  m_ObjectHideFlags: 0
  m_CorrespondingSourceObject: {fileID: 0}
  m_PrefabInstance: {fileID: 0}
  m_PrefabAsset: {fileID: 0}
  m_GameObject: {fileID: 9196738556820444342}
  m_Enabled: 1
  m_Density: 1
  m_Material: {fileID: 0}
  m_IsTrigger: 0
  m_UsedByEffector: 0
  m_UsedByComposite: 0
  m_Offset: {x: 0, y: 0}
  m_SpriteTilingProperty:
    border: {x: 0, y: 0, z: 0, w: 0}
    pivot: {x: 0.5, y: 0.5}
    oldSize: {x: 5.49, y: 3.2}
    newSize: {x: 5.49, y: 3.2}
    adaptiveTilingThreshold: 0.5
    drawMode: 0
    adaptiveTiling: 0
  m_AutoTiling: 0
  m_Points:
    m_Paths:
    - - {x: 1.2149999, y: -1.5699999}
      - {x: 1.345, y: -1.55}
      - {x: 1.485, y: -1.55}
      - {x: 1.635, y: -1.52}
      - {x: 1.875, y: -1.4499999}
      - {x: 2.0049999, y: -1.41}
      - {x: 2.345, y: -1.24}
      - {x: 2.425, y: -1.18}
      - {x: 2.5549998, y: -1.0699999}
      - {x: 2.605, y: -1.01}
      - {x: 2.655, y: -0.91999996}
      - {x: 2.695, y: -0.83}
      - {x: 2.725, y: -0.76}
      - {x: 2.745, y: -0.64}
      - {x: 2.745, y: -0.42}
      - {x: 2.675, y: -0.26}
      - {x: 2.575, y: -0.13}
      - {x: 2.5149999, y: -0.04}
      - {x: 2.455, y: 0.03}
      - {x: 2.315, y: 0.17999999}
      - {x: 2.2649999, y: 0.19999999}
      - {x: 2.175, y: 0.29}
      - {x: 2.0449998, y: 0.39}
      - {x: 1.995, y: 0.42999998}
      - {x: 1.8349999, y: 0.53999996}
      - {x: 1.755, y: 0.59999996}
      - {x: 1.645, y: 0.66999996}
      - {x: 1.475, y: 0.77}
      - {x: 1.295, y: 0.87}
      - {x: 1.105, y: 0.96999997}
      - {x: 1.035, y: 1.01}
      - {x: 0.635, y: 1.18}
      - {x: 0.505, y: 1.23}
      - {x: 0.295, y: 1.31}
      - {x: 0.16499999, y: 1.36}
      - {x: 0.005, y: 1.41}
      - {x: -0.055, y: 1.42}
      - {x: -0.145, y: 1.4699999}
      - {x: -0.325, y: 1.5}
      - {x: -0.475, y: 1.53}
      - {x: -0.815, y: 1.5899999}
      - {x: -1.0649999, y: 1.5899999}
      - {x: -1.2149999, y: 1.54}
      - {x: -1.285, y: 1.4599999}
      - {x: -1.3149999, y: 1.4499999}
      - {x: -1.505, y: 1.27}
      - {x: -1.535, y: 1.2099999}
      - {x: -1.605, y: 1.17}
      - {x: -1.765, y: 1.02}
      - {x: -1.8249999, y: 0.94}
      - {x: -1.885, y: 0.79999995}
      - {x: -1.9549999, y: 0.58}
      - {x: -1.985, y: 0.45}
      - {x: -1.995, y: 0.29}
      - {x: -2.0249999, y: 0.099999994}
      - {x: -2.0449998, y: -0.07}
      - {x: -2.0449998, y: -0.41}
      - {x: -2.0249999, y: -0.51}
      - {x: -1.995, y: -0.63}
      - {x: -1.9549999, y: -0.71}
      - {x: -1.915, y: -0.83}
      - {x: -1.885, y: -0.96}
      - {x: -1.8549999, y: -1.06}
      - {x: -1.775, y: -1.1899999}
      - {x: -1.7249999, y: -1.24}
      - {x: -1.615, y: -1.28}
      - {x: -1.435, y: -1.3199999}
      - {x: -1.3249999, y: -1.3299999}
      - {x: -1.3149999, y: -1.36}
      - {x: -1.225, y: -1.37}
      - {x: -1.055, y: -1.4}
      - {x: -0.995, y: -1.42}
      - {x: -0.755, y: -1.4699999}
      - {x: -0.615, y: -1.48}
      - {x: -0.475, y: -1.51}
      - {x: -0.235, y: -1.54}
      - {x: 0.035, y: -1.5699999}
      - {x: 0.155, y: -1.5799999}
      - {x: 0.305, y: -1.5999999}
      - {x: 0.775, y: -1.5999999}
      - {x: 0.955, y: -1.5899999}
