%YAML 1.1
%TAG !u! tag:unity3d.com,2011:
--- !u!1 &1660409357965763352
GameObject:
  m_ObjectHideFlags: 0
  m_CorrespondingSourceObject: {fileID: 0}
  m_PrefabInstance: {fileID: 0}
  m_PrefabAsset: {fileID: 0}
  serializedVersion: 6
  m_Component:
  - component: {fileID: 1660409357965763359}
  - component: {fileID: 1660409357965763358}
  - component: {fileID: 9156446728108840842}
  - component: {fileID: 4730902633993548879}
  m_Layer: 0
  m_Name: Lemon
  m_TagString: Stamp
  m_Icon: {fileID: 0}
  m_NavMeshLayer: 0
  m_StaticEditorFlags: 0
  m_IsActive: 1
--- !u!4 &1660409357965763359
Transform:
  m_ObjectHideFlags: 0
  m_CorrespondingSourceObject: {fileID: 0}
  m_PrefabInstance: {fileID: 0}
  m_PrefabAsset: {fileID: 0}
  m_GameObject: {fileID: 1660409357965763352}
  m_LocalRotation: {x: 0, y: 0, z: 0, w: 1}
  m_LocalPosition: {x: 2.62, y: -3.48, z: -1}
  m_LocalScale: {x: 0.50000006, y: 0.50000006, z: 1}
  m_ConstrainProportionsScale: 0
  m_Children:
  - {fileID: 1562459475268033}
  m_Father: {fileID: 0}
  m_RootOrder: 0
  m_LocalEulerAnglesHint: {x: 0, y: 0, z: 0}
--- !u!212 &1660409357965763358
SpriteRenderer:
  m_ObjectHideFlags: 0
  m_CorrespondingSourceObject: {fileID: 0}
  m_PrefabInstance: {fileID: 0}
  m_PrefabAsset: {fileID: 0}
  m_GameObject: {fileID: 1660409357965763352}
  m_Enabled: 1
  m_CastShadows: 0
  m_ReceiveShadows: 0
  m_DynamicOccludee: 1
  m_StaticShadowCaster: 0
  m_MotionVectors: 1
  m_LightProbeUsage: 1
  m_ReflectionProbeUsage: 1
  m_RayTracingMode: 0
  m_RayTraceProcedural: 0
  m_RenderingLayerMask: 1
  m_RendererPriority: 0
  m_Materials:
  - {fileID: 10754, guid: 0000000000000000f000000000000000, type: 0}
  m_StaticBatchInfo:
    firstSubMesh: 0
    subMeshCount: 0
  m_StaticBatchRoot: {fileID: 0}
  m_ProbeAnchor: {fileID: 0}
  m_LightProbeVolumeOverride: {fileID: 0}
  m_ScaleInLightmap: 1
  m_ReceiveGI: 1
  m_PreserveUVs: 0
  m_IgnoreNormalsForChartDetection: 0
  m_ImportantGI: 0
  m_StitchLightmapSeams: 1
  m_SelectedEditorRenderState: 0
  m_MinimumChartSize: 4
  m_AutoUVMaxDistance: 0.5
  m_AutoUVMaxAngle: 89
  m_LightmapParameters: {fileID: 0}
  m_SortingLayerID: 0
  m_SortingLayer: 0
  m_SortingOrder: 1
  m_Sprite: {fileID: 21300000, guid: 2974d9942c2af614d872f33ac5280872, type: 3}
  m_Color: {r: 1, g: 1, b: 1, a: 1}
  m_FlipX: 0
  m_FlipY: 0
  m_DrawMode: 0
  m_Size: {x: 3.26, y: 3.29}
  m_AdaptiveModeThreshold: 0.5
  m_SpriteTileMode: 0
  m_WasSpriteAssigned: 1
  m_MaskInteraction: 0
  m_SpriteSortPoint: 0
--- !u!60 &9156446728108840842
PolygonCollider2D:
  m_ObjectHideFlags: 0
  m_CorrespondingSourceObject: {fileID: 0}
  m_PrefabInstance: {fileID: 0}
  m_PrefabAsset: {fileID: 0}
  m_GameObject: {fileID: 1660409357965763352}
  m_Enabled: 1
  m_Density: 1
  m_Material: {fileID: 0}
  m_IsTrigger: 0
  m_UsedByEffector: 0
  m_UsedByComposite: 0
  m_Offset: {x: 0, y: 0}
  m_SpriteTilingProperty:
    border: {x: 0, y: 0, z: 0, w: 0}
    pivot: {x: 0.5, y: 0.5}
    oldSize: {x: 2.39, y: 2.39}
    newSize: {x: 3.26, y: 3.29}
    adaptiveTilingThreshold: 0.5
    drawMode: 0
    adaptiveTiling: 0
  m_AutoTiling: 0
  m_Points:
    m_Paths:
    - - {x: 0.91499996, y: -0.875}
      - {x: 1.0749999, y: -0.685}
      - {x: 1.115, y: -0.59499997}
      - {x: 1.175, y: -0.375}
      - {x: 1.185, y: -0.295}
      - {x: 1.185, y: 0.005}
      - {x: 1.165, y: 0.105}
      - {x: 1.125, y: 0.295}
      - {x: 1.0849999, y: 0.39499998}
      - {x: 0.935, y: 0.645}
      - {x: 0.885, y: 0.72499996}
      - {x: 0.625, y: 0.97499996}
      - {x: 0.545, y: 1.035}
      - {x: 0.325, y: 1.155}
      - {x: 0.085, y: 1.1949999}
      - {x: -0.155, y: 1.1949999}
      - {x: -0.355, y: 1.135}
      - {x: -0.555, y: 1.015}
      - {x: -0.705, y: 0.895}
      - {x: -0.835, y: 0.755}
      - {x: -0.935, y: 0.625}
      - {x: -0.995, y: 0.525}
      - {x: -1.035, y: 0.45499998}
      - {x: -1.115, y: 0.185}
      - {x: -1.115, y: -0.13499999}
      - {x: -1.125, y: -0.33499998}
      - {x: -1.175, y: -0.48499998}
      - {x: -1.1949999, y: -0.585}
      - {x: -1.1949999, y: -0.705}
      - {x: -1.135, y: -0.79499996}
      - {x: -1.095, y: -0.825}
      - {x: -1.035, y: -0.875}
      - {x: -0.885, y: -0.865}
      - {x: -0.715, y: -0.955}
      - {x: -0.60499996, y: -1.025}
      - {x: -0.415, y: -1.125}
      - {x: -0.195, y: -1.1949999}
      - {x: 0.295, y: -1.1949999}
      - {x: 0.465, y: -1.155}
      - {x: 0.645, y: -1.0749999}
      - {x: 0.79499996, y: -0.98499995}
--- !u!114 &4730902633993548879
MonoBehaviour:
  m_ObjectHideFlags: 0
  m_CorrespondingSourceObject: {fileID: 0}
  m_PrefabInstance: {fileID: 0}
  m_PrefabAsset: {fileID: 0}
  m_GameObject: {fileID: 1660409357965763352}
  m_Enabled: 1
  m_EditorHideFlags: 0
  m_Script: {fileID: 11500000, guid: 68e323ed5d1946e469dcc06b7303cc58, type: 3}
  m_Name: 
  m_EditorClassIdentifier: 
  stationarySprite: {fileID: 21300000, guid: 2974d9942c2af614d872f33ac5280872, type: 3}
  heldSprite: {fileID: 21300000, guid: 7d26801a75de7e34889abddfb4473101, type: 3}
  paint: {fileID: 5280305144274567026}
  stamp: {fileID: 495356791953046980, guid: 2f19d9380a595eb4bbf96b3f4204d29d, type: 3}
  splashParticles: {fileID: 0}
  isBeingHeld: 0
  hasPaint: 0
  stampRotationMagnitude: 25
  stampColour: {r: 0, g: 0, b: 0, a: 0}
--- !u!1 &5280305144274567026
GameObject:
  m_ObjectHideFlags: 0
  m_CorrespondingSourceObject: {fileID: 0}
  m_PrefabInstance: {fileID: 0}
  m_PrefabAsset: {fileID: 0}
  serializedVersion: 6
  m_Component:
  - component: {fileID: 1562459475268033}
  - component: {fileID: 254125116006180575}
  m_Layer: 0
  m_Name: Lemon_Paint
  m_TagString: Untagged
  m_Icon: {fileID: 0}
  m_NavMeshLayer: 0
  m_StaticEditorFlags: 0
  m_IsActive: 0
--- !u!4 &1562459475268033
Transform:
  m_ObjectHideFlags: 0
  m_CorrespondingSourceObject: {fileID: 0}
  m_PrefabInstance: {fileID: 0}
  m_PrefabAsset: {fileID: 0}
  m_GameObject: {fileID: 5280305144274567026}
  m_LocalRotation: {x: 0, y: 0, z: 0, w: 1}
  m_LocalPosition: {x: 0, y: 0, z: 0}
  m_LocalScale: {x: 1, y: 1, z: 1}
  m_ConstrainProportionsScale: 0
  m_Children: []
  m_Father: {fileID: 1660409357965763359}
  m_RootOrder: 0
  m_LocalEulerAnglesHint: {x: 0, y: 0, z: 0}
--- !u!212 &254125116006180575
SpriteRenderer:
  m_ObjectHideFlags: 0
  m_CorrespondingSourceObject: {fileID: 0}
  m_PrefabInstance: {fileID: 0}
  m_PrefabAsset: {fileID: 0}
  m_GameObject: {fileID: 5280305144274567026}
  m_Enabled: 1
  m_CastShadows: 0
  m_ReceiveShadows: 0
  m_DynamicOccludee: 1
  m_StaticShadowCaster: 0
  m_MotionVectors: 1
  m_LightProbeUsage: 1
  m_ReflectionProbeUsage: 1
  m_RayTracingMode: 0
  m_RayTraceProcedural: 0
  m_RenderingLayerMask: 1
  m_RendererPriority: 0
  m_Materials:
  - {fileID: 10754, guid: 0000000000000000f000000000000000, type: 0}
  m_StaticBatchInfo:
    firstSubMesh: 0
    subMeshCount: 0
  m_StaticBatchRoot: {fileID: 0}
  m_ProbeAnchor: {fileID: 0}
  m_LightProbeVolumeOverride: {fileID: 0}
  m_ScaleInLightmap: 1
  m_ReceiveGI: 1
  m_PreserveUVs: 0
  m_IgnoreNormalsForChartDetection: 0
  m_ImportantGI: 0
  m_StitchLightmapSeams: 1
  m_SelectedEditorRenderState: 0
  m_MinimumChartSize: 4
  m_AutoUVMaxDistance: 0.5
  m_AutoUVMaxAngle: 89
  m_LightmapParameters: {fileID: 0}
  m_SortingLayerID: 0
  m_SortingLayer: 0
  m_SortingOrder: 2
  m_Sprite: {fileID: 21300000, guid: 60c444089429e4b429f43cec21885adc, type: 3}
  m_Color: {r: 1, g: 1, b: 1, a: 1}
  m_FlipX: 0
  m_FlipY: 0
  m_DrawMode: 0
  m_Size: {x: 2.48, y: 2.47}
  m_AdaptiveModeThreshold: 0.5
  m_SpriteTileMode: 0
  m_WasSpriteAssigned: 1
  m_MaskInteraction: 0
  m_SpriteSortPoint: 0
